@book{9788534603485,
  Author = {Aaron Tenenbaum},
  Title = {Estruturas de Dados Usando C (Em Portuguese do Brasil)},
  Publisher = {PEARSON - UNIVERSITARIOS/ KOTLER},
  Year = {1995},
  ISBN = {8534603480},
  URL = {http://www.amazon.com/Estruturas-Dados-Usando-Portuguese-Brasil/dp/8534603480%3FSubscriptionId%3D0JYN1NVW651KCA56C102%26tag%3Dtechkie-20%26linkCode%3Dxm2%26camp%3D2025%26creative%3D165953%26creativeASIN%3D8534603480}
}

